<record><leader>00000cas a2200000 a 4500</leader><controlfield tag="001">219739162</controlfield><controlfield tag="007">hd ||||||||||</controlfield><controlfield tag="008">080404d19631971sduwr nea     |    0eng c</controlfield><datafield ind1=" " ind2=" " tag="010"><subfield code="a">  2008233438</subfield></datafield><datafield ind1=" " ind2=" " tag="040"><subfield code="a">GUA</subfield><subfield code="b">eng</subfield><subfield code="c">GUA</subfield><subfield code="d">GUA</subfield><subfield code="d">OCLCQ</subfield><subfield code="d">OCLCF</subfield><subfield code="d">OCLCO</subfield><subfield code="d">OCLCQ</subfield></datafield><datafield ind1=" " ind2=" " tag="042"><subfield code="a">pcc</subfield></datafield><datafield ind1=" " ind2=" " tag="043"><subfield code="a">n-us-sd</subfield></datafield><datafield ind1=" " ind2="4" tag="050"><subfield code="a">AN58</subfield><subfield code="b">.C655</subfield></datafield><datafield ind1="0" ind2="0" tag="245"><subfield code="a">Rosebud Sioux herald =</subfield><subfield code="b">Eyapaha.</subfield></datafield><datafield ind1="3" ind2="1" tag="246"><subfield code="a">Eyapaha</subfield></datafield><datafield ind1="3" ind2="0" tag="246"><subfield code="a">Sioux herald</subfield></datafield><datafield ind1=" " ind2=" " tag="260"><subfield code="a">Rosebud, S.D. :</subfield><subfield code="b">Rosebud Sioux Tribe,</subfield><subfield code="c">1963-1971.</subfield></datafield><datafield ind1=" " ind2=" " tag="300"><subfield code="a">volumes :</subfield><subfield code="b">illustrations</subfield></datafield><datafield ind1=" " ind2=" " tag="310"><subfield code="a">Weekly,</subfield><subfield code="b">Aug. 18, 1969-1971</subfield></datafield><datafield ind1=" " ind2=" " tag="321"><subfield code="a">Biweekly,</subfield><subfield code="b">1963-Aug. 11, 1969</subfield></datafield><datafield ind1=" " ind2=" " tag="336"><subfield code="a">text</subfield><subfield code="b">txt</subfield><subfield code="2">rdacontent</subfield></datafield><datafield ind1=" " ind2=" " tag="337"><subfield code="a">microform</subfield><subfield code="b">h</subfield><subfield code="2">rdamedia</subfield></datafield><datafield ind1=" " ind2=" " tag="338"><subfield code="a">microfilm reel</subfield><subfield code="b">hd</subfield><subfield code="2">rdacarrier</subfield></datafield><datafield ind1="0" ind2=" " tag="362"><subfield code="a">Vol. 1, no. 1 (Aug. 5, 1963)-v. 8, no. 43 (June 7, 1971).</subfield></datafield><datafield ind1=" " ind2=" " tag="500"><subfield code="a">Bought by Todd County Tribune, June, 1971.</subfield></datafield><datafield ind1=" " ind2=" " tag="500"><subfield code="a">"Published for ... Owned by ... The Rosebud Sioux."</subfield></datafield><datafield ind1=" " ind2=" " tag="500"><subfield code="a">Publication unnamed until second issue.</subfield></datafield><datafield ind1=" " ind2=" " tag="500"><subfield code="a">Printed by Sodak Printers, Winner, S.D.</subfield></datafield><datafield ind1="4" ind2=" " tag="510"><subfield code="a">Danky, J.P. Native American periodicals and newspapers 1828-1982</subfield><subfield code="c">369</subfield></datafield><datafield ind1=" " ind2=" " tag="550"><subfield code="a">Official newspaper of: Rosebud Sioux Tribe. Publisher's statement includes corporate seal of: Rosebud Sioux Tribal Council.</subfield></datafield><datafield ind1=" " ind2=" " tag="580"><subfield code="a">Merged with: Todd County tribune (Mission, S.D. : 1921), to form: Todd County tribune and eyapaha; and merged with: Mellette County news, to form: Mellette County news and eyapaha.</subfield></datafield><datafield ind1=" " ind2=" " tag="580"><subfield code="a">Included as numbered sections with different publishers: Sicangu speaks, &lt;1971&gt;, and: Voices of unity (Rosebud, S.D.), 1966-&lt;1969&gt;, and: Warrior echo, &lt;1970-1971&gt;, and: Woyakapi, &lt;1968-1971&gt;, and: Indian (Rapid City, S.D.), &lt;1969&gt;.</subfield></datafield><datafield ind1=" " ind2=" " tag="533"><subfield code="a">Microfilm.</subfield><subfield code="b">Wooster, Ohio :</subfield><subfield code="c">Micro Photo Division.</subfield><subfield code="e">1 microfilm reel ; 35 mm.</subfield><subfield code="m">1970-1971.</subfield><subfield code="f">(Contemporary newspapers of the North American Indian ; reel 15).</subfield></datafield><datafield ind1=" " ind2=" " tag="539"><subfield code="a">c</subfield><subfield code="b">1970</subfield><subfield code="c">9999</subfield><subfield code="d">ohu</subfield><subfield code="e">w</subfield><subfield code="f">r</subfield><subfield code="g">a</subfield></datafield><datafield ind1="2" ind2="0" tag="610"><subfield code="a">Rosebud Sioux Tribe</subfield><subfield code="v">Newspapers.</subfield></datafield><datafield ind1=" " ind2="0" tag="650"><subfield code="a">Dakota Indians</subfield><subfield code="z">South Dakota</subfield><subfield code="v">Newspapers.</subfield></datafield><datafield ind1=" " ind2="0" tag="650"><subfield code="a">Indians of North America</subfield><subfield code="v">Newspapers.</subfield></datafield><datafield ind1=" " ind2="0" tag="651"><subfield code="a">Rosebud (S.D.)</subfield><subfield code="v">Newspapers.</subfield></datafield><datafield ind1=" " ind2="0" tag="651"><subfield code="a">Todd County (S.D.)</subfield><subfield code="v">Newspapers.</subfield></datafield><datafield ind1=" " ind2="0" tag="651"><subfield code="a">Rosebud Indian Reservation (S.D.)</subfield><subfield code="v">Newspapers.</subfield></datafield><datafield ind1="2" ind2="7" tag="610"><subfield code="a">Rosebud Sioux Tribe of the Rosebud Indian Reservation.</subfield><subfield code="2">fast</subfield><subfield code="0">(OCoLC)fst01725071</subfield></datafield><datafield ind1=" " ind2="7" tag="650"><subfield code="a">Dakota Indians.</subfield><subfield code="2">fast</subfield><subfield code="0">(OCoLC)fst00887107</subfield></datafield><datafield ind1=" " ind2="7" tag="650"><subfield code="a">Indians of North America.</subfield><subfield code="2">fast</subfield><subfield code="0">(OCoLC)fst00969633</subfield></datafield><datafield ind1=" " ind2="7" tag="651"><subfield code="a">South Dakota.</subfield><subfield code="2">fast</subfield><subfield code="0">(OCoLC)fst01204322</subfield></datafield><datafield ind1=" " ind2="7" tag="651"><subfield code="a">South Dakota</subfield><subfield code="z">Rosebud.</subfield><subfield code="2">fast</subfield><subfield code="0">(OCoLC)fst01279171</subfield></datafield><datafield ind1=" " ind2="7" tag="651"><subfield code="a">South Dakota</subfield><subfield code="z">Rosebud Indian Reservation.</subfield><subfield code="2">fast</subfield><subfield code="0">(OCoLC)fst01241612</subfield></datafield><datafield ind1=" " ind2="7" tag="651"><subfield code="a">South Dakota</subfield><subfield code="z">Todd County.</subfield><subfield code="2">fast</subfield><subfield code="0">(OCoLC)fst01213870</subfield></datafield><datafield ind1=" " ind2="7" tag="655"><subfield code="a">Newspapers.</subfield><subfield code="2">fast</subfield><subfield code="0">(OCoLC)fst01423814</subfield></datafield><datafield ind1="1" ind2=" " tag="710"><subfield code="a">Rosebud Sioux Tribe of the Rosebud Indian Reservation, South Dakota.</subfield></datafield><datafield ind1=" " ind2=" " tag="752"><subfield code="a">United States</subfield><subfield code="b">South Dakota</subfield><subfield code="c">Todd</subfield><subfield code="d">Rosebud.</subfield></datafield><datafield ind1="1" ind2=" " tag="776"><subfield code="t">Rosebud Sioux herald</subfield><subfield code="w">(DLC)sn 86091380</subfield><subfield code="w">(OCoLC)1764534</subfield></datafield><datafield ind1="1" ind2=" " tag="777"><subfield code="t">Sicangu speaks</subfield><subfield code="w">(DLC)sn 96090226</subfield></datafield><datafield ind1="1" ind2=" " tag="777"><subfield code="t">Voices of unity (Rosebud, S.D.)</subfield><subfield code="w">(DLC)sn 96090224</subfield></datafield><datafield ind1="1" ind2=" " tag="777"><subfield code="t">Warrior echo</subfield><subfield code="w">(DLC)sn 96090225</subfield></datafield><datafield ind1="1" ind2=" " tag="777"><subfield code="t">Woyakapi</subfield><subfield code="w">(DLC)sn 96090223</subfield><subfield code="w">(OCoLC)30498343</subfield></datafield><datafield ind1="1" ind2=" " tag="777"><subfield code="t">Indian (Rapid City, S.D.)</subfield><subfield code="w">(DLC)sn 94050929</subfield><subfield code="w">(OCoLC)30617003</subfield></datafield><datafield ind1="0" ind2="0" tag="780"><subfield code="t">Reservation news</subfield></datafield><datafield ind1="0" ind2="0" tag="780"><subfield code="t">Sioux chronicle</subfield></datafield><datafield ind1="1" ind2="7" tag="785"><subfield code="t">Todd County tribune (Mission, S.D. : 1921)</subfield></datafield><datafield ind1="1" ind2="7" tag="785"><subfield code="t">Todd County tribune and eyapaha</subfield></datafield><datafield ind1="1" ind2="7" tag="785"><subfield code="t">Mellette County news</subfield></datafield><datafield ind1="1" ind2="7" tag="785"><subfield code="t">Mellette County news and eyapaha</subfield></datafield><datafield ind1=" " ind2="0" tag="830"><subfield code="a">Contemporary newspapers of the North American Indian ;</subfield><subfield code="v">reel 15.</subfield></datafield></record>